
@PROCEEDINGS{AFRV13,
  TITLE =        "Journées de l'AFRV",
  YEAR =         "2013",
  organization = "AFRV",
  address =      "Laval"
}

@PROCEEDINGS{AFIG13,
  TITLE =        "Journées de l'AFIG",
  YEAR =         "2013",
  organization = "AFIG",
  address =      "Limoges"
}

@PROCEEDINGS{CORESA13,
  TITLE =        "Journées de CORESA",
  YEAR =         "2013",
  organization = "CORESA",
  address =      "Le Creusot"
}

@PROCEEDINGS{GEODIS13,
  TITLE =        "Journées de GéoDis",
  YEAR =         "2013",
  organization = "GéoDis",
  address =      "Paris"
}

@ARTICLE{REFIG1,
  AUTHOR = "Oliver Franck Bubbles and Champagne",
  TITLE = "Premier numéro de la revue",
  JOURNAL = "Revue Electronique Francophone d'Informatique Graphique",
  YEAR = "2013",
  volume = "7",
  number = "1",
  month = jan
}